<record><leader>00000cas a22000007a 4500</leader><controlfield tag="001">9525910</controlfield><controlfield tag="008">830519d19281987ohuwr ne      0    0eng d</controlfield><controlfield tag="009">3783</controlfield><datafield ind1=" " ind2=" " tag="010"><subfield code="a">sn 83035185 </subfield></datafield><datafield ind1=" " ind2=" " tag="040"><subfield code="a">NPY</subfield><subfield code="b">eng</subfield><subfield code="c">NPY</subfield><subfield code="d">ONP</subfield><subfield code="d">OCL</subfield><subfield code="d">OCLCQ</subfield></datafield><datafield ind1="1" ind2=" " tag="029"><subfield code="a">AU@</subfield><subfield code="b">000025839725</subfield></datafield><datafield ind1=" " ind2=" " tag="042"><subfield code="a">msc</subfield></datafield><datafield ind1="0" ind2=" " tag="130"><subfield code="a">Adams County news (West Union, Ohio : 1928)</subfield></datafield><datafield ind1="0" ind2="4" tag="245"><subfield code="a">The Adams County news.</subfield></datafield><datafield ind1=" " ind2=" " tag="260"><subfield code="a">West Union, Ohio :</subfield><subfield code="b">Adams County Press,</subfield><subfield code="c">1928-1987.</subfield></datafield><datafield ind1=" " ind2=" " tag="300"><subfield code="a">v.</subfield></datafield><datafield ind1=" " ind2=" " tag="310"><subfield code="a">Weekly</subfield></datafield><datafield ind1="0" ind2=" " tag="362"><subfield code="a">Vol. 1, no. 1 (Apr. 26, 1928)-v. 62, no. 40 (Dec. 29, 1987).</subfield></datafield><datafield ind1=" " ind2=" " tag="550"><subfield code="a">"Official organ of the Republican Party in Adams County."</subfield></datafield><datafield ind1=" " ind2="4" tag="651"><subfield code="a">West Union (Ohio)</subfield><subfield code="v">Newspapers.</subfield></datafield><datafield ind1=" " ind2="4" tag="651"><subfield code="a">Adams County (Ohio)</subfield><subfield code="v">Newspapers.</subfield></datafield><datafield ind1=" " ind2=" " tag="752"><subfield code="a">United States</subfield><subfield code="b">Ohio</subfield><subfield code="c">Adams</subfield><subfield code="d">West Union.</subfield></datafield></record>